@misc{D1,
  title = {{D}ataset de {S}onidos {F}onéticos},
  howpublished = {\url{http://statweb.stanford.edu/ tibs/ElemStatLearn/datasets/}},
  note = {Accessed: 13-07-2016}
}

@misc{D,
  title = {{D}ataset de los datos de {C}áncer de {P}róstata},
  howpublished = {\url{http://statweb.stanford.edu/~tibs/ElemStatLearn/datasets/prostate.data}},
  note = {Accessed: 20-06-2016}
}

@Article{P1,
 author = {Fernando {T}usell},
 title = {Análisis de {R}egresión. {I}ntroducción {T}eórica y {P}ráctica basada en {R}},
 journal = {},
 year = {2011},
}

@Article{P2,
 author = {Joshi, M., Das, D., Gimpel, K., Smith, N. A.},
 title = {The {E}lements of {S}tatistical {L}earning, {S}econd {E}dition},
 journal = {Springer {S}eries in {S}tatistics},
 year = {2009},
}